@book{learningeBPF,
   author = {Liz Rice},
   title = {Learning eBPF},
   publisher = {O'Reilly},
   year = {2023},
}

@misc{kernel,
   title = {What is the Linux kernel?},
   howpublished = {\url{
                   https://www.redhat.com/en/topics/linux/what-is-the-linux-kernel
                   }},
   note = {Accessed: 2024-01-27},
}

@misc{kfunc,
   title = {BPF Kernel Functions},
   howpublished = {\url{https://docs.kernel.org/bpf/kfuncs.html}},
   note = {Accessed: 2024-01-27},
}

@misc{kprobe,
   title = {Kernel Probes (Kprobes)},
   howpublished = {\url{https://www.kernel.org/doc/Documentation/kprobes.txt}},
   note = {Accessed: 2024-01-27},
}

@misc{verifier,
   title = {eBPF verifier},
   howpublished = {\url{https://www.kernel.org/doc/html/v6.1/bpf/verifier.html}},
   note = {Accessed: 2024-01-27},
}

@misc{lsm1,
   title = {LSM BPF Programs},
   howpublished = {\url{https://docs.kernel.org/bpf/prog_lsm.html}},
   note = {Accessed: 2024-01-27},
}

@misc{lsm2,
   title = {LSM-Aya},
   howpublished = {\url{
                   https://aya-rs.dev/book/programs/lsm/#writing-lsm-bpf-program}
                   },
   note = {Accessed: 2024-01-27},
}

@misc{tetragon,
   title = {Tetragon},
   howpublished = {\url{https://tetragon.io/docs/overview/}},
   note = {Accessed: 2024-01-27},
}

@misc{seccomp,
   title = {seccomp(2)},
   howpublished = {\url{https://man7.org/linux/man-pages/man2/seccomp.2.html}},
   note = {Accessed: 2024-01-27},
}

@misc{seccomp2,
   title = {Seccomp and Seccomp-BPF},
   howpublished = {\url{
                   https://ajxchapman.github.io/linux/2016/08/31/seccomp-and-seccomp-bpf.html
                   }},
   note = {Accessed: 2024-01-27},
}

@misc{bpfverif,
   title = {BPF and Formal Verification},
   howpublished = {\url{
                   https://www.sccs.swarthmore.edu/users/16/mmcconv1/pl-reflection.html
                   }},
   note = {Accessed: 2024-01-27},
}

@misc{bats,
   title = {BATS Documentation},
   howpublished = {\url{https://bats-core.readthedocs.io/en/stable/index.html}},
   note = {Accessed: 2024-06-05},
}

@misc{steg,
   title = {What is Steganograhpy? Definition and explanation},
   howpublished = {\url{
                   https://www.kaspersky.com/resource-center/definitions/what-is-steganography
                   }},
   note = {Accessed: 2024-06-05},
}

@misc{tracecmd,
   title = {Trace-cmd man pages},
   howpublished = {\url{
                   https://trace-cmd.org/Documentation/trace-cmd/trace-cmd.1.html
                   }},
   note = {Accessed: 2024-06-05},
}

@inproceedings{bpfproof,
   title = {{End-to-end Mechanized Proof of an eBPF Virtual Machine for
            Micro-controllers}},
   author = {Yuan, Shenghao and Besson, Fr{\'e}d{\'e}ric and Talpin, Jean-Pierre
             and Hym, Samuel and Zandberg, Koen and Baccelli, Emmanuel},
   url = {https://inria.hal.science/hal-03888082},
   booktitle = {{CAV 2022 - 34th International Conference on Computer Aided
                Verification}},
   address = {Haifa, Israel},
   pages = {1-23},
   year = {2022},
   month = Aug,
   keywords = {mechanized proof virtual machines fault isolation ; mechanized
               proof ; virtual machines ; fault isolation},
   pdf = {https://inria.hal.science/hal-03888082/file/cav22.pdf},
   hal_id = {hal-03888082},
   hal_version = {v1},
}
